@article{gabor1948new,
  title={A new microscopic principle},
  author={Gabor, Dennis and others},
  journal={Nature},
  volume={161},
  number={4098},
  pages={777--778},
  year={1948}
}

@article{kim2010principles,
  title={Principles and techniques of digital holographic microscopy},
  author={Kim, Myung K},
  journal={Journal of Photonics for Energy},
  pages={018005--018005},
  year={2010}
}
@article{leith1962reconstructed,
  title={Reconstructed wavefronts and communication theory},
  author={Leith, Emmett N and Upatnieks, Juris},
  journal={JOSA},
  volume={52},
  number={10},
  pages={1123--1128},
  year={1962},
  publisher={Optical Society of America}
}
@article{goodman1967digital,
  title={Digital image formation from electronically detected holograms},
  author={Goodman, Joseph W and Lawrence, RW},
  journal={Applied physics letters},
  volume={11},
  number={3},
  pages={77--79},
  year={1967},
  publisher={AIP Publishing}
}

@article{schnars1994direct,
  title={Direct recording of holograms by a CCD target and numerical reconstruction},
  author={Schnars, Ulf and J{\"u}ptner, Werner},
  journal={Applied optics},
  volume={33},
  number={2},
  pages={179--181},
  year={1994},
  publisher={Optical Society of America}
}

@article{kemper2008digital,
  title={Digital holographic microscopy for live cell applications and technical inspection},
  author={Kemper, Bj{\"o}rn and von Bally, Gert},
  journal={Applied optics},
  volume={47},
  number={4},
  pages={A52--A61},
  year={2008},
  publisher={Optical Society of America}
}

@article{marquet2005digital,
  title={Digital holographic microscopy: a noninvasive contrast imaging technique allowing quantitative visualization of living cells with subwavelength axial accuracy},
  author={Marquet, Pierre and Rappaz, Benjamin and Magistretti, Pierre J and Cuche, Etienne and Emery, Yves and Colomb, Tristan and Depeursinge, Christian},
  journal={Optics letters},
  volume={30},
  number={5},
  pages={468--470},
  year={2005},
  publisher={Optical Society of America}
}

@inproceedings{mann2006quantitative,
  title={Quantitative phase-contrast microscopy by angular spectrum digital holography},
  author={Mann, CJ and Kim, MK},
  booktitle={Biomedical Optics 2006},
  pages={60900B--60900B},
  year={2006},
  organization={International Society for Optics and Photonics}
}

@article{repetto2004lensless,
  title={Lensless digital holographic microscope with light-emitting diode illumination},
  author={Repetto, L and Piano, E and Pontiggia, C},
  journal={Optics letters},
  volume={29},
  number={10},
  pages={1132--1134},
  year={2004},
  publisher={Optical Society of America}
}
@article{breslauer2009mobile,
  title={Mobile phone based clinical microscopy for global health applications},
  author={Breslauer, David N and Maamari, Robi N and Switz, Neil A and Lam, Wilbur A and Fletcher, Daniel A},
  journal={PloS one},
  volume={4},
  number={7},
  pages={e6320},
  year={2009},
  publisher={Public Library of Science}
}
@article{tseng2010lensfree,
  title={Lensfree microscopy on a cellphone},
  author={Tseng, Derek and Mudanyali, Onur and Oztoprak, Cetin and Isikman, Serhan O and Sencan, Ikbal and Yaglidere, Oguzhan and Ozcan, Aydogan},
  journal={Lab on a Chip},
  volume={10},
  number={14},
  pages={1787--1792},
  year={2010},
  publisher={Royal Society of Chemistry}
}

@article{pushkarsky2014automated,
  title={Automated single-cell motility analysis on a chip using lensfree microscopy},
  author={Pushkarsky, Ivan and Lyb, Yunbo and Weaver, Westbrook and Su, Ting-Wei and Mudanyali, Onur and Ozcan, Aydogan and Di Carlo, Dino},
  journal={Scientific reports},
  volume={4},
  year={2014},
  publisher={Nature Publishing Group}
}

@article{vashist2014cellphone,
  title={Cellphone-based devices for bioanalytical sciences},
  author={Vashist, Sandeep Kumar and Mudanyali, Onur and Schneider, E Marion and Zengerle, Roland and Ozcan, Aydogan},
  journal={Analytical and bioanalytical chemistry},
  volume={406},
  number={14},
  pages={3263--3277},
  year={2014},
  publisher={Springer}
}

@phdthesis{王华英2008数字全息显微成像的理论和实验研究,
  title={数字全息显微成像的理论和实验研究 [D]},
  author={王华英},
  year={2008},
  school={北京工业大学}
}
@misc{goodman2006傅里叶光学导论,
  title={傅里叶光学导论},
  author={Goodman, Joseph W},
  year={2006},
  publisher={北京: 电子工业出版社}
}

@article{dirksen2001lensless,
  title={Lensless Fourier holography for digital holographic interferometry on biological samples},
  author={Dirksen, Dieter and Droste, H and Kemper, B and Delere, H and Deiwick, M and Scheld, HH and Von Bally, G},
  journal={Optics and lasers in engineering},
  volume={36},
  number={3},
  pages={241--249},
  year={2001},
  publisher={Elsevier}
}

@article{repetto2004lensless,
  title={Lensless digital holographic microscope with light-emitting diode illumination},
  author={Repetto, L and Piano, E and Pontiggia, C},
  journal={Optics letters},
  volume={29},
  number={10},
  pages={1132--1134},
  year={2004},
  publisher={Optical Society of America}
}

